<?xml version="1.0" encoding="UTF-8"?><collection xmlns="http://www.loc.gov/MARC21/slim"><record><leader>00816nam--2200205-i-4500</leader><controlfield tag="001">000012527</controlfield><controlfield tag="002">20161230</controlfield><controlfield tag="005">20161230201029</controlfield><controlfield tag="008">060222s1000------------r-----000-0-eng-d</controlfield><datafield ind1=" " ind2=" " tag="040"><subfield code="a">IFIN-HH</subfield></datafield><datafield ind1=" " ind2=" " tag="080"><subfield code="a">535.33</subfield></datafield><datafield ind1="1" ind2=" " tag="100"><subfield code="a">Grove, E.L</subfield></datafield><datafield ind1="1" ind2="0" tag="245"><subfield code="a">Developments in applied spectroscopy</subfield><subfield code="b">Volume 7. selected papers from the seventh national meeting of the society for applied spectroscopy (nineteenth annual mid-america spectroscopy symposium) held in chicago, illinois, may 13 - 17, 1968</subfield><subfield code="c">E.L. GROVE; ALFRED J. PERKINS (Eds.)</subfield></datafield><datafield ind1=" " ind2=" " tag="260"><subfield code="a">New York</subfield><subfield code="b">Plenum Press</subfield><subfield code="c">1969</subfield></datafield><datafield ind1=" " ind2=" " tag="300"><subfield code="a">2 VOLUME</subfield></datafield><datafield ind1=" " ind2=" " tag="490"><subfield code="a">A Publication Of The Chicago Section Of The Society For Applied Spectroscopy</subfield></datafield><datafield ind1="1" ind2=" " tag="700"><subfield code="a">Perkins, Alfred J</subfield><subfield code="e">Ed</subfield></datafield><datafield ind1=" " ind2=" " tag="787"><subfield code="a">Volume 7b</subfield><subfield code="h">291p</subfield></datafield><datafield ind1=" " ind2=" " tag="852"><subfield code="a">18304</subfield><subfield code="c">535.33</subfield></datafield><datafield ind1=" " ind2=" " tag="CAT"><subfield code="a">Sys</subfield><subfield code="c">20101202</subfield><subfield code="h">121907</subfield></datafield></record></collection>